
@online{geeksdijkstra,
author = {geeksforgeeksuser:@dipesh99kumar},
title = {Applications of Dijkstraâ€™s shortest path algorithm},
year = {2022},
url = {https://www.geeksforgeeks.org/applications-of-dijkstras-shortest-path-algorithm/},
urldate = {2023-01-31}
}


@online{classLoader,
title = {class ClassLoader},
year = {2020},
url = {https://docs.oracle.com/javase/7/docs/api/java/lang/ClassLoader.html},
urldate = {2023-02-01}
}

@online{Cloneable,
title = {Interface Cloneable},
year = {2020},
url = {https://docs.oracle.com/javase/7/docs/api/java/lang/Cloneable.html},
urldate = {2023-02-01}
}

@online{awt,
title = {Package javax.swing},
year = {2020},
url = {https://docs.oracle.com/javase/7/docs/api/javax/swing/package-summary.html},
urldate = {2023-02-01}
}
@online{runnable,
title = {Interface Runnable},
year = {2020},
url = {https://docs.oracle.com/javase/7/docs/api/java/lang/Runnable.html},
urldate = {2023-02-01}
}
@online{RelatedWork,
author = {academia:@Yashshree Patil},
title = {Snake Game Using Reinforcement Learning},
year = {2020},
url = {https://www.academia.edu/44900555/Snake_Game_Using_Reinforcement_Learning},
urldate = {2023-02-01}
}

@online{chesstable,
author = {Niklas Fiekas},
title = {https://syzygy-tables.info/},
url = {https://syzygy-tables.info/},
urldate = {2023-02-05}
}
@online{manhatten,
author = {geeksforgeeksuser:@ujalisharmaus415},
title = {Calculate the Manhattan Distance between two cells of given 2D array},
url = {https://www.geeksforgeeks.org/calculate-the-
manhattan-distance-between-two-cells-of-given-2d-array/},
urldate = {2023-02-05}
}

@online{nokia,
author = {Fiona Jackson},
title = {History of Snake},
year = {2022},
url = {https://www.dailymail.co.uk/sciencetech/article-11017471/Experts-reveal-Nokias-iconic-game-Snake-phenomenon-turns-25.html},
urldate = {2023-02-07}
}

@online{LargeNumbers,
author = {Zach},
title = {Law of Large Numbers: Definition + Examples},
year = {2020},
url = {https://www.statology.org/law-of-large-numbers/},
urldate = {2023-02-07}
}